@book{skowro≈Ñski2011frobenius,
  title={Frobenius Algebras},
  author={Skowro{\'n}ski, A. and Yamagata, K.},
  number={Bd. 2},
  isbn={9783037191743},
  lccn={2012360997},
  series={EMS textbooks in mathematics},
  url={https://books.google.de/books?id=bY2WswEACAAJ},
  year={2011},
  publisher={European Mathematical Society}
}